@article{ CERA:CGA:2002,
    author = "Christopher D. Cera and William C. Regli and Ilya Braude and
              Yuriy Shapirstein and Cheryl V. Foster",
    title = {{A Collaborative 3D Environment for Authoring Design Semantics}},
    journal = "IEEE Computer Graphics and Applications",
    volume = "22",
    number = "3",
    pages = "42--55",
    year = "2002" }
