@article{RN6,
   author = {Henrique Oliveira and Correia, Paulo Lobato},
   title = {Automatic Road Crack Detection and Characterization},
   journal = { IEEE Transactions on Intelligent Transportation Systems},
   volume = {14},
   number = {1},
   pages = {155-168},
   ISSN = {1558-0016},
   DOI = {10.1109/TITS.2012.2208630},
   year = {2012},
   type = {Journal Article}
}

@article{RN45,
   author = {Pouria Babahajiani and Lixin Fan and Joni-Kristian Kämäräinen and Gabbouj, Moncef},
   title = {Urban 3D segmentation and modelling from street view images
and LiDAR point clouds},
   journal = {Machine Vision and Applications },
   year = {2017},
   type = {Journal Article}
}

@inproceedings{RN27,
   author = {A. Khaloo and D. Lattanzi},
   title = {Integrating 3D Computer Vision and Robotic Infrastructure Inspection},
   booktitle = {IWSHM},
   type = {Conference Paper}

}

@article{RN14,
   author = {A.Vetrivel and M.Gerke and N.Kerle and G.Vosselman},
   title = {Segmentation of UAV-based images incorporating 3D point cloud information },
   journal = {The International Archives of the Photogrammetry},
   volume = {XL-3/W2},
   year = {2015},
   type = {Journal Article}
}

@article{RN11,
   author = {Alberto Colorni and Marco Dorigo and Vittorio Maniezzo},
   title = {Distributed optimization by ant colonies},
   journal = {Proceedings of ECAL'91 European Conference on Artificial Life},
   pages = {134-142},
   year = {1991},
   type = {Journal Article}
}

@article{RN19,
   author = {Andrei Anghel and Gabriel Vasile and Rémy Boudon and Guy d’Urso and Alexandre Girard and Didier Boldo and Véronique Bost},
   title = {Combining spaceborne SAR images with 3D point clouds for
infrastructure monitoring applications},
   journal = {ISPRS Journal of Photogrammetry and Remote Sensing},
   volume = {111},
   pages = {45-61},
   url = {https://www-sciencedirect-com.ezproxy2.library.drexel.edu/science/article/pii/S0924271615002580},
   year = {2016},
   type = {Journal Article}
}

@article{RN1,
   author = {Baraldi, Andrea and Blonda, Palma},
   title = {A survey of fuzzy clustering algorithms for pattern recognition. II},
   journal = {IEEE Transactions on Systems, Man, and Cybernetics, Part B (Cybernetics)},
   volume = {29},
   number = {6},
   pages = {786-801},
   ISSN = {1083-4419},
   year = {1999},
   type = {Journal Article}
}

@article{RN57,
   author = {Biosca, Josep Miquel and Lerma, José Luis},
   title = {Unsupervised robust planar segmentation of terrestrial laser scanner point clouds based on fuzzy clustering methods},
   journal = {ISPRS Journal of Photogrammetry and Remote Sensing},
   volume = {63},
   number = {1},
   pages = {84-98},
   ISSN = {0924-2716},
   DOI = {https://doi.org/10.1016/j.isprsjprs.2007.07.010},
   url = {http://www.sciencedirect.com/science/article/pii/S0924271607000809},
   year = {2008},
   type = {Journal Article}
}

@article{RN25,
   author = {Chollet, François},
   title = {Keras},
   year = {2015},
   type = {Journal Article}
}

@article{RN7,
   author = {Choudhury and Dayal R. Parhi* and Sasanka},
   title = {Analysis of smart crack detection methodologies in
various structures},
   journal = {Journal of Engineering and Technology Research},
   volume = {3},
   number = {5},
   pages = {139-147},
   ISSN = {2006-9790},
   year = {2011},
   type = {Journal Article}
}

@article{RN40,
   author = {Conde-Carnero, B. and Riveiro, B. and Arias, P. and Caamaño, J. C.},
   title = {Exploitation of Geometric Data provided by Laser Scanning to Create FEM Structural Models of Bridges},
   journal = {Journal of Performance of Constructed Facilities},
   volume = {30},
   number = {3},
   pages = {04015053},
   DOI = {10.1061/(ASCE)CF.1943-5509.0000807},
   url = {https://doi.org/10.1061/(ASCE)CF.1943-5509.0000807},
   year = {2016},
   type = {Journal Article}
}

@article{RN12,
   author = {CORINNA CORTES and VLADIMIR VAPNIK },
   title = {Support-Vector Networks},
   journal = {Machine Learning},
   volume = {20},
   pages = {273-297},
   year = {1995},
   type = {Journal Article}
}

@article{RN42,
   author = {Crane, Keenan and Pinkall, Ulrich and Schroder, Peter},
   title = {Robust fairing via conformal curvature flow},
   journal = {ACM Trans. Graph.},
   volume = {32},
   number = {4},
   pages = {1-10},
   ISSN = {0730-0301},
   DOI = {10.1145/2461912.2461986},
   year = {2013},
   type = {Journal Article}
}

@article{RN23,
   author = {Cristianini, Nello and Shawe-Taylor, John},
   title = { An Introduction to Support Vector Machines and other kernel-based learning methods},
   journal = {Cambridge University Press},
   ISSN = { 0-521-78019-5},
   year = {2000},
   type = {Journal Article}
}

@article{RN4,
   author = {D. N. Thatoi and A. A. Ojha and A. Bhanjadeo and R. Mahapatra and S. Sahoo and S. Mohapatra},
   title = {Application of Artificial Intelligence Techniques for
Detection of Cracks-A Review},
   journal = {IACSIT International Journal of Engineering and Technology},
   volume = {5},
   number = {1},
   DOI = {510-M058},
   year = {2013},
   type = {Journal Article}
}

@article{RN10,
   author = {Damodar Maity and Asish Saha},
   title = {Damage assessment in structure from changes in static
parameter using neural networks},
   journal = {Sadhana},
   volume = {29},
   number = {3},
   pages = {315-327},
   year = {2004},
   type = {Journal Article}
}

@article{RN54,
   author = {Dan, Jiang and Lancheng, Wang},
   title = {Direct generation of die surfaces from measured data points based on springback compensation},
   journal = {The International Journal of Advanced Manufacturing Technology},
   volume = {31},
   number = {5},
   pages = {574-579},
   ISSN = {1433-3015},
   DOI = {10.1007/s00170-005-0225-4},
   url = {https://doi.org/10.1007/s00170-005-0225-4},
   year = {2006},
   type = {Journal Article}
}

@article{RN21,
   author = {David Lattanzi and Gregory R. Miller},
   title = {3D Scene Reconstruction for Robotic Bridge Inspection},
   journal = {American Society of Civil Engineers},
   DOI = {10.1061},
   year = {2014},
   type = {Journal Article}
}

@article{RN67,
   author = {Digne, Julie},
   title = {An Implementation and Parallelization of the Scale-Space
Meshing Algorithm},
   journal = {Image Processing On Line},
   DOI = {10.5201},
   year = {2015},
   type = {Journal Article}
}

@article{RN47,
   author = {Francesco Mancini and Marco Dubbini and Mario Gattelli and Francesco Stecchi and Stefano Fabbri and Giovanni Gabbianelli},
   title = {Using Unmanned Aerial Vehicles (UAV) for High-Resolution Reconstruction of Topography: The Structure from Motion Approach on Coastal Environments},
   journal = {Remote Sensing},
   volume = {5},
   number = {12},
   year = {2013},
   type = {Journal Article}
}

@article{RN58,
   author = {Gerke and Markus and Xiao, Jing},
   title = {Fusion of airborne laserscanning point clouds and images for supervised and unsupervised scene classification},
   journal = {ISPRS Journal of Photogrammetry and Remote Sensing},
   volume = {87},
   pages = {78-92},
   ISSN = {0924-2716},
   DOI = {https://doi.org/10.1016/j.isprsjprs.2013.10.011},
   url = {http://www.sciencedirect.com/science/article/pii/S0924271613002335},
   year = {2014},
   type = {Journal Article}
}

@article{RN29,
   author = {Giovanni Castellazzi and Antonio Maria D’Altri and Gabriele Bitelli and Ilenia Selvaggi and Lambertini, Alessandro},
   title = {From Laser Scanning to Finite Element Analysis of Complex
Buildings by Using a Semi-Automatic Procedure},
   journal = {Sensors},
   volume = {15},
   ISSN = { 1424-8220},
   DOI = {10.3390},
   year = {2015},
   type = {Journal Article}
}

@article{RN33,
   author = {Gopiy, M. and Silva, S. Krishnan C.T.},
   title = {Surface Reconstruction based on Lower Dimensional
Localized Delaunay Triangulation},
   journal = {EUROGRAPHICS},
   volume = {19},
   number = {3},
   year = {2000},
   type = {Journal Article}
}

@article{RN37,
   author = {H. Huang and U. Ascher},
   title = {SURFACE MESH SMOOTHING, REGULARIZATION, AND
FEATURE DETECTION∗},
   journal = { Society for Industrial and Applied Mathematics},
   volume = {31},
   number = {1},
   pages = {74-93},
   year = {2008},
   type = {Journal Article}
}

@article{RN9,
   author = {H.C. Das, Dayal R. Parhi},
   title = {Application of Neural network for fault
diagnosis of cracked cantilever beam },
   journal = {NABIC},
   pages = {1303-1308},
   DOI = {10.1109},
   year = {2009}, 
   type = {Journal Article}
}


@article{RN32,
   author = {Hoppe, Hugues and DeRose, Tony and Duchampy, Tom and McDonaldz, John and Stuetzlez, Werner},
   title = {Surface Reconstruction from Unorganized Points},
   year = {1992},
   type = {Journal Article}
}


@article{RN38,
   author = {Hu, H. and Hu, H. and Fernandez-Steeger, T. M. and Dong, M. and Azzam, R.},
   title = {Numerical modeling of LiDAR-based geological model for landslide analysis},
   journal = {Automation in construction},
   volume = {24},
   pages = {184-193},
   ISSN = {0926-5805},
   DOI = {10.1016/j.autcon.2012.03.001},
   type = {Journal Article}
}


@article{RN46, 
   author = {J. Fernandez Galarreta, N. Kerle, and M. Gerke},
   title = {UAV-based urban structural damage assessment using
object-based image analysis and semantic reasoning},
   journal = {Natural Hazards and Earth System Sciences},
   volume = {15},
   year = {2015},
   type = {Journal Article}
}


@inproceedings{RN51,
   author = {Jafari, Bahman and Khaloo, Ali and Lattanzi, David},
   title = {Long-term monitoring of structures through point cloud analysis},
   booktitle = {SPIE Smart Structures and Materials + Nondestructive Evaluation and Health Monitoring},
   publisher = {SPIE},
   volume = {9805},
   pages = {8},
   type = {Conference Proceedings}

}


@inbook{RN68,
   author = {Jan Brandts and Segey Korotov and Michal Krizek},
   title = {A Geometric Toolbox for Tetrahedral
Finite Element Partitions},
   booktitle = {Efficient Preconditioned Solution Methods for Elliptic Partial Differential Equations},
   editor = {Owe Axelsson, Institute of Geonics, Academy of Sciences of the Czech Republic, Czech Republic},
   publisher = {Bentham Books},
   address = {Institute of Mathematics, ELTE University, Hungary},
   volume = {1},
   chapter = {6},
   year = {2011},
   type = {Book Section}
}

@inproceedings{RN63,
   author = {Jane Tournois and Rahul Srinivasan and Pierre Alliez},
   title = {Perturbing Slivers in 3D Delaunay Meshes},
   booktitle = {18th International Meshing Roundtable},
   editor = {HAL},
   publisher = {HAL},
   type = {Conference Paper}

}

@inproceedings{RN72,
   author = {Jing, Huang and Suya, You},
   title = {Point cloud labeling using 3D Convolutional Neural Network},
   booktitle = {2016 23rd International Conference on Pattern Recognition (ICPR)},
   pages = {2670-2675},
   DOI = {10.1109/ICPR.2016.7900038},
   type = {Conference Proceedings}

}

@inproceedings{RN18,
   author = {Keju Peng and Xin Chen and Dongxiang Zhou and Yunhui Liu },
   title = {3D Reconstruction Based on SIFT and Harris Feature Points},
   booktitle = {International Conference on Robotics and Biomimetics},
   type = {Conference Paper}

}

@article{RN30,
   author = {L. Barazzetti and F. Banfi and R. Brumana and G. Gusmeroli and D. Oreni and M. Previtali and F. Roncoroni and G. Schiantarelli},
   title = {BIM FROM LASER CLOUDS AND FINITE ELEMENT ANALYSIS:
COMBINING STRUCTURAL ANALYSIS AND GEOMETRIC COMPLEXITY},
   journal = {International Archives of the Photgrammetry, Remote Sensing and Spatial Information Siences},
   volume = {XL},
   number = {5/W4},
   year = {2015},
   type = {Journal Article}
}

@article{RN50,
   author = {Lerma, José Luis and Navarro, Santiago and Cabrelles, Miriam and Villaverde, Valentín},
   title = {Terrestrial laser scanning and close range photogrammetry for 3D archaeological documentation: the Upper Palaeolithic Cave of Parpalló as a case study},
   journal = {Journal of Archaeological Science},
   volume = {37},
   number = {3},
   pages = {499-507},
   ISSN = {0305-4403},
   DOI = {https://doi.org/10.1016/j.jas.2009.10.011},
   url = {http://www.sciencedirect.com/science/article/pii/S0305440309003781},
   year = {2010},
   type = {Journal Article}
}

@inproceedings{RN71,
   author = {Li, X. and Li, X.},
   title = {Filling the holes of 3D body scan line point cloud},
   booktitle = {2010 2nd International Conference on Advanced Computer Control},
   volume = {4},
   pages = {334-338},
   DOI = {10.1109/ICACC.2010.5486910},
   type = {Conference Proceedings}

}

@article{RN52,
   author = {LIN, Ervine and GIROT, Christophe},
   title = {Point Cloud Components Tools
for the Representation of Large Scale
Landscape Architectural Projects },
   year = {2014},
   type = {Journal Article}
}

@inproceedings{RN36,
   author = {Liu, Rong},
   title = {Segmentation of 3D Meshes through Spectral Clustering},
   booktitle = {12th Pacific Conference on Computer Graphics and Applications},
   publisher = {IEEE},
   pages = {298-305},
   DOI = {10.1109/PCCGA.2004.1348360},
   type = {Conference Paper}

}

@article{RN55,
   author = {Liu, Xiuping and Zhang, Jie and Liu, Risheng and Li, Bo and Wang, Jun and Cao, Junjie},
   title = {Low-rank 3D mesh segmentation and labeling with structure guiding},
   journal = {Computers & Graphics},
   volume = {46},
   pages = {99-109},
   ISSN = {0097-8493},
   DOI = {https://doi.org/10.1016/j.cag.2014.09.019},
   url = {http://www.sciencedirect.com/science/article/pii/S0097849314001071},
   year = {2015},
   type = {Journal Article}
}

@article{RN61,
   author = {Lloyd, S.},
   title = {Least squares quantization in PCM},
   journal = {IEEE Transactions on Information Theory},
   volume = {28},
   number = {2},
   pages = {129-137},
   ISSN = {0018-9448},
   DOI = {10.1109/TIT.1982.1056489},
   year = {1982},
   type = {Journal Article}
}

@article{RN62,
   author = {Long Chen and Jin-chao Xu},
   title = {Optimal Delaunay Triangulations},
   journal = {Journal of Computational Mathematics},
   volume = {22},
   number = {2},
   pages = {10},
   year = {2004},
   type = {Journal Article}
}

@article{RN20,
   author = {M.W. Smith and J.L. Carrivick and D.J. Quincey },
   title = {Structure from motion
photogrammetry in physical
geography},
   journal = {Progress in Physical Geography},
   volume = {40},
   number = {2},
   pages = {247-275},
   year = {2015},
   type = {Journal Article}
}

@article{RN39,
   author = {Mallet, J. L.},
   title = {Discrete smooth interpolation in geometric modelling},
   journal = {Computer-Aided Design},
   volume = {24},
   number = {4},
   pages = {178-191},
   ISSN = {0010-4485},
   DOI = {https://doi.org/10.1016/0010-4485(92)90054-E},
   url = {http://www.sciencedirect.com/science/article/pii/001044859290054E},
   year = {1992},
   type = {Journal Article}
}

@article{RN17,
   author = {Marina Magnabosco and Toby P. Breckon},
   title = {Cross-spectral visual simultaneous localization and mapping (SLAM) with
sensor handover},
   journal = {Robotics and Autonomous Systems},
   volume = {61},
   pages = {195-208},
   year = {2013},
   type = {Journal Article}
}

@article{RN66,
   author = {Mavriplis, Dimitri J.},
   title = {An Advancing Front Delaunay Triangulation Algorithm Designed for Robustness},
   journal = {Journal of Computational Physics},
   volume = {117},
   number = {1},
   pages = {90-101},
   ISSN = {0021-9991},
   DOI = {https://doi.org/10.1006/jcph.1995.1047},
   url = {http://www.sciencedirect.com/science/article/pii/S0021999185710479},
   year = {1995},
   type = {Journal Article}
}

@article{RN2,
   author = {Mohammad R.Jahanshahi and Sami F.Masri},
   title = {Adaptive vision-based crack detection using 3D scene reconstruction for condition assessment of structures},
   journal = {Automation in Construction},
   volume = {22},
   pages = {567-576},
   year = {2011},
   type = {Journal Article}
}

@article{RN49,
   author = {Neil, G. Smith and Luca, Passone and Said, al-Said and Mohamed, al-Farhan and Thomas, E. Levy},
   title = {Drones in Archaeology: Integrated Data Capture, Processing, and Dissemination in the al-Ula Valley, Saudi Arabia},
   journal = {Near Eastern Archaeology},
   volume = {77},
   number = {3},
   pages = {176-181},
   ISSN = {10942076, 23255404},
   DOI = {10.5615/neareastarch.77.3.0176},
   url = {http://www.jstor.org/stable/10.5615/neareastarch.77.3.0176},
   year = {2014},
   type = {Journal Article}
}

@article{RN13,
   author = {P. Biasuttia and J-F. Aujola and M. Bredif and A. Bugeaub},
   title = {DISOCCLUSION OF 3D LIDAR POINT CLOUDS USING RANGE IMAGES},
   journal = {ISPRS Annals of the Photogrammetry},
   volume = {e IV-1/W1},
   number = {75},
   year = {2017},
   type = {Journal Article}
}

@inbook{RN5,
   author = {Piatrik, Tomas and Izquierdo, Ebroul},
   title = {Image Classification Using an Ant Colony Optimization Approach},
   booktitle = {Semantic Multimedia: First International Conference on Semantics and Digital Media Technologies, SAMT 2006, Athens, Greece, December 6-8, 2006. Proceedings},
   editor = {Avrithis, Yannis and Kompatsiaris, Yiannis and Staab, Steffen and O’Connor, Noel E.},
   publisher = {Springer Berlin Heidelberg},
   address = {Berlin, Heidelberg},
   pages = {159-168},
   ISBN = {978-3-540-49337-2},
   DOI = {10.1007/11930334_13},
   url = {https://doi.org/10.1007/11930334_13},
   year = {2006},
   type = {Book Section}
}

@article{RN34,
   author = {Prautzsch, Lars Linsen Hartmut},
   title = {Local Versus Global Triangulations},
   journal = {EUROGRAPHICS},
   volume = {Short Presentations},
   year = {2001},
   type = {Journal Article}
}

@inproceedings{RN26,
   author = {R. Davoudi and G. Miller and N. Kutz},
   title = {Computer Vision Based Inspection Approach of Predict Damage State and Load Level for RC Members},
   booktitle = {International Workshop on Structural Health Monitoring},
   type = {Conference Proceedings}

}

@article{RN3,
   author = {R. Oullette and M. Browne and K. Hirasawa},
   title = {Genetic algorithm optimization of a convolutional neural network for autonomous crack detection},
   journal = {Evolutionary Computation},
   DOI = {10.1109/CEC.2004.1330900},
   year = {2004},
   type = {Journal Article}
}

@article{RN48,
   author = {Siebert, Sebastian and Teizer, Jochen},
   title = {Mobile 3D mapping for surveying earthwork projects using an Unmanned Aerial Vehicle (UAV) system},
   journal = {Automation in Construction},
   volume = {41},
   pages = {1-14},
   ISSN = {0926-5805},
   DOI = {https://doi.org/10.1016/j.autcon.2014.01.004},
   url = {http://www.sciencedirect.com/science/article/pii/S0926580514000193},
   year = {2014},
   type = {Journal Article}
}

@article{RN64,
   author = {SIU-WING CHENG and TAMAL K. DEY and HERBERT EDELSBRUNNER and MICHAEL A. FACELLO and SHANG-HUA TENG},
   title = {Sliver Exudation},
   journal = {Journal of the ACM},
   volume = {47},
   number = {5},
   pages = {21},
   year = {2000},
   type = {Journal Article}
}

@misc{RN24,
   year = {2015},
   type = {Computer Program}
}

@article{RN16,
   author = {THOMAS LEMAIRE and CYRILLE BERGER and IL-KYUN JUNG and SIMON LACROIX},
   title = {Vision-Based SLAM: Stereo and Monocular Approaches},
   journal = {International Journal of Computer Vision},
   volume = {74},
   number = {3},
   pages = {343-364},
   year = {2007},
   type = {Journal Article}
}

@inproceedings{RN31,
   author = {U. Clarenz and M. Rumpf and A. Telea},
   title = {Finite Elements on Point Based Surfaces},
   booktitle = {Eurographics Symposium on Point-Based Graphics},
   DOI = {10.1.1.62.88},
   type = {Conference Paper}

}

@article{RN15,
   author = {Vosselman, George},
   title = {Automated planimetric quality control in high accuracy airborne laser scanning surveys},
   journal = {ISPRS Journal of Photogrammetry and Remote Sensing},
   volume = {74},
   number = {Supplement C},
   pages = {90-100},
   ISSN = {0924-2716},
   DOI = {https://doi.org/10.1016/j.isprsjprs.2012.09.002},
   url = {http://www.sciencedirect.com/science/article/pii/S092427161200158X},
   year = {2012},
   type = {Journal Article}
}

@article{RN56,
   author = {Wang, Lin and Cao, Jianfu and Han, Chongzhao},
   title = {Multidimensional particle swarm optimization-based unsupervised planar segmentation algorithm of unorganized point clouds},
   journal = {Pattern Recognition},
   volume = {45},
   number = {11},
   pages = {4034-4043},
   ISSN = {0031-3203},
   DOI = {https://doi.org/10.1016/j.patcog.2012.04.023},
   url = {http://www.sciencedirect.com/science/article/pii/S0031320312002038},
   year = {2012},
   type = {Journal Article}
}

@article{RN8,
   author = {Waseem Rawat and Zenghui Wang},
   title = {Deep Convolutional Neural Networks for Image Classification: A Comprehensive Review},
   journal = {Neural Computation},
   volume = {29},
   number = {9},
   pages = {2352-2449},
   DOI = {10.1162/neco_a_00990 },
   url = {http://www.mitpressjournals.org.ezproxy2.library.drexel.edu/doi/full/10.1162/neco_a_00990},
   year = {2017},
   type = {Journal Article}
}

@article{RN65,
   author = {Weatherill, N. P. and Hassan, O.},
   title = {Efficient three‐dimensional Delaunay triangulation with automatic point creation and imposed boundary constraints},
   journal = {International Journal for Numerical Methods in Engineering},
   volume = {37},
   number = {12},
   pages = {2005-2039},
   ISSN = {1097-0207},
   DOI = {10.1002/nme.1620371203},
   url = {http:https://doi.org/10.1002/nme.1620371203},
   year = {1994},
   type = {Journal Article}
}

@article{RN43,
   author = {Xie, Hui and Wang, Jianning and Hua, Jing and Qin, Hong and Kaufman, Arie},
   title = {Piecewise Continuous Surface Reconstruction of Noisy Point Clouds via
Local Implicit Quadric Regression},
   type = {Journal Article}
}

@article{RN53,
   author = {Yang, Hao and Xu, Xiangyang and Neumann, Ingo},
   title = {The Benefit of 3D Laser Scanning Technology in the Generation and Calibration of FEM Models for Health Assessment of Concrete Structures},
   journal = {Sensors},
   volume = {14},
   number = {11},
   pages = {21889},
   ISSN = {1424-8220},
   url = {http://www.mdpi.com/1424-8220/14/11/21889},
   year = {2014},
   type = {Journal Article}
}

@article{RN59,
   author = {Yecheng Lyu and Lin Bai and Xinming Huang},
   title = {Real-Time Road Segmentation Using LiDAR Data Processing on an {FPGA}},
   journal = {CoRR},
   volume = {abs/1711.02757},
   year = {2017},
   type = {Journal Article}
}

@article{RN44,
   author = {Zhao, Huanxi and Xu, Guoliang},
   title = {Triangular surface mesh fairing via Gaussian curvature flow},
   journal = {Journal of Computational and Applied Mathematics},
   volume = {195},
   number = {1},
   pages = {300-311},
   ISSN = {0377-0427},
   DOI = {https://doi.org/10.1016/j.cam.2005.03.094},
   url = {http://www.sciencedirect.com/science/article/pii/S0377042705004942},
   year = {2006},
   type = {Journal Article}
}

@inproceedings{RN60,
   author = {Zhong, Yu},
   title = {Shape Signatures: A Shape Descriptor for 3D Object Recognition },
   booktitle = { IEEE 12th International Conference on Computer Vision Workshops},
   editor = {IEEE},
   volume = {12},
   type = {Conference Paper}

}

@Inbook{Stroud2006,
	title="Modelling Background",
	bookTitle="Boundary Representation Modelling Techniques",
	year="2006",
	publisher="Springer London",
	address="London",
	pages="11--27",
	isbn="978-1-84628-616-2",
	doi="https://doi.org/10.1007/978-1-84628-616-2_2",
}


@ARTICLE{ballpivot, 
    author={F. Bernardini and J. Mittleman and H. Rushmeier and C. Silva and G. Taubin}, 
    journal={IEEE Transactions on Visualization and Computer Graphics}, 
    title={The ball-pivoting algorithm for surface reconstruction}, 
    year={1999}, 
    volume={5}, 
    number={4}, 
    pages={349-359}, 
    keywords={computational geometry;image reconstruction;mesh generation;ball-pivoting algorithm;seed triangle;surface reconstruction;surface samples;triangle mesh;Data acquisition;Geometrical optics;Image reconstruction;Product design;Sampling methods;Shape;Surface reconstruction;Three-dimensional displays}, 
    doi={https://doi.org/10.1109/2945.817351}, 
    ISSN={1077-2626}, 
    month={Oct}
}


@article{WESTOBY2012300,
title = "‘Structure-from-Motion’ photogrammetry: A low-cost, effective tool for geoscience applications",
journal = "Geomorphology",
volume = "179",
pages = "300 - 314",
year = "2012",
issn = "0169-555X",
doi = "https://doi.org/10.1016/j.geomorph.2012.08.021",
url = "http://www.sciencedirect.com/science/article/pii/S0169555X12004217",
author = "M.J. Westoby and J. Brasington and N.F. Glasser and M.J. Hambrey and J.M. Reynolds",
keywords = "Structure-from-Motion (SfM), Close‐range photogrammetry, Digital elevation model (DEM), SFMToolkit, Terrestrial laser scanning (TLS)"
}


@electronic{velodyne,
 author   = "Velodyne LiDAR",
 title     = "HDL-32E",
 url       = "http://velodynelidar.com/hdl-32e.html"
}

@Article{Arabshahi1993,
author="Arabshahi, S.
and Barton, D. C.
and Shaw, N. K.",
title="Steps towards CAD-FEA integration",
journal="Engineering with Computers",
year="1993",
month="Mar",
day="01",
volume="9",
number="1",
pages="17--26",
issn="1435-5663",
doi="10.1007/BF01198250",
url="https://doi.org/10.1007/BF01198250"
}